<record><leader>00000cas a22000007a 4500</leader><controlfield tag="001">10980722</controlfield><controlfield tag="008">840724d193219uuohumr ne      0    0eng d</controlfield><datafield ind1=" " ind2=" " tag="010"><subfield code="a">sn 84028441 </subfield></datafield><datafield ind1=" " ind2=" " tag="040"><subfield code="a">NPY</subfield><subfield code="b">eng</subfield><subfield code="c">NPY</subfield><subfield code="d">OCLCQ</subfield></datafield><datafield ind1=" " ind2=" " tag="042"><subfield code="a">msc</subfield></datafield><datafield ind1="0" ind2=" " tag="130"><subfield code="a">Irish-American (Cleveland, Ohio)</subfield></datafield><datafield ind1="1" ind2="0" tag="245"><subfield code="a">Irish-American.</subfield></datafield><datafield ind1=" " ind2=" " tag="260"><subfield code="a">Cleveland [Ohio] :</subfield><subfield code="b">Irish-American Civic Ass'n of Cleveland,</subfield><subfield code="c">1932-</subfield></datafield><datafield ind1=" " ind2=" " tag="300"><subfield code="a">v. :</subfield><subfield code="b">ill. ;</subfield><subfield code="c">38 cm.</subfield></datafield><datafield ind1=" " ind2=" " tag="310"><subfield code="a">Monthly</subfield></datafield><datafield ind1="1" ind2=" " tag="362"><subfield code="a">Vol. 1, no. 1 (Jan. 1932)-</subfield></datafield><datafield ind1=" " ind2=" " tag="500"><subfield code="a">Editor: John E. O'Donnell.</subfield></datafield><datafield ind1=" " ind2=" " tag="521"><subfield code="a">"To aid and help needy deserving families of Irish lineage."</subfield></datafield><datafield ind1="1" ind2=" " tag="700"><subfield code="a">O'Donnell, John E.</subfield></datafield><datafield ind1="2" ind2=" " tag="710"><subfield code="a">Irish-American Civic Association of Cleveland.</subfield></datafield><datafield ind1=" " ind2=" " tag="752"><subfield code="a">United States</subfield><subfield code="b">Ohio</subfield><subfield code="c">Cuyahoga</subfield><subfield code="d">Cleveland.</subfield></datafield><datafield ind1="1" ind2=" " tag="029"><subfield code="a">AU@</subfield><subfield code="b">000025794853</subfield></datafield></record>